<?xml version="1.0" encoding="UTF-8"?><record xmlns="http://www.loc.gov/MARC21/slim" xmlns:cinclude="http://apache.org/cocoon/include/1.0" xmlns:zs="http://www.loc.gov/zing/srw/">
  <leader>00383cz  a2200121n  4500</leader>
  <controlfield tag="001">nr2005023516</controlfield>
  <controlfield tag="003">DLC</controlfield>
  <controlfield tag="005">20051212165845.0</controlfield>
  <controlfield tag="008">051003n| acannaabn          |n aaa     c</controlfield>
  <datafield tag="010" ind1=" " ind2=" ">
    <subfield code="a">nr2005023516</subfield>
    <subfield code="z">nr2005023536</subfield>
  </datafield>
  <datafield tag="040" ind1=" " ind2=" ">
    <subfield code="a">IOrQBI</subfield>
    <subfield code="b">eng</subfield>
    <subfield code="c">IOrQBI</subfield>
    <subfield code="d">DLC</subfield>
  </datafield>
  <datafield tag="100" ind1="1" ind2=" ">
    <subfield code="a">Bisset, Ron</subfield>
  </datafield>
  <datafield tag="670" ind1=" " ind2=" ">
    <subfield code="a">A complete guide to practical reflexology [VR], c2005:</subfield>
    <subfield code="b">end credits (directed and produced by Ron Bisset)</subfield>
  </datafield>
</record>